@online{ingersollRand,
  author = {Ingersoll-Rand plc},
  title = {Air Balancers - Zim Air (ZA) Series (Zimmerman)},
  year = 2020,
  url = {https://www.ingersollrandproducts.com/en-us/lifting-equipment-material-handling/products/air-electric-and-mechanical-balancers/za-balancers.html},
  urldate = {2020-01-23}
}
